@misc{WHO2016,
title = {World Malaria Report 2015},
howpublished = {World Health Organization},
year = {2016},
author = {WHO}}

@article{deRoode2005,
author = {de Roode, Jacobus C. and Pansini, Riccardo and Cheesman, Sandra J. and Helinski, Michelle E. H. and Huijben, Silvie and Wargo, Andrew R. and Bell, Andrew S. and Chan, Brian H. K. and Walliker, David and Read, Andrew F.},
title = {Virulence and competitive ability in genetically diverse malaria infections},
volume = {102},
number = {21},
pages = {7624-7628},
year = {2005},
doi = {10.1073/pnas.0500078102},
journal = {Proc. Natl. Acad. Sci. USA}
}

@article{Arnot1998,
author = {Arnot, David},
title = {Unstable malaria in Sudan: the influence of the dry season: Clone multiplicity of {{\em {P}lasmodium falciparum}} infections in individuals exposed to variable levels of disease transmission},
volume = {92},
number = {6},
pages = {580-585},
year = {1998},
doi = {10.1016/S0035-9203(98)90773-8},
journal = {Trans. R. Soc. Trop. Med. Hyg.}
}

@article{Bell2006,
author = {Bell, AS and de Roode, JC and Sim, D and Read AF},
title = {Within-host competition in genetically diverse malaria infection: parasite virulence and competitive success.},
journal = {Evolution},
volume = {60},
number = {7},
year = {2006},
pages = {1358--1371}
}

@Article{deRoode2004,
AUTHOR = {de Roode, Jacobus and Culleton, Richard and Bell, Andrew and Read, Andrew},
TITLE = {Competitive release of drug resistance following drug treatment of mixed {{\em {P}lasmodium chabaudi}} infections},
JOURNAL = {Malar. J.},
VOLUME = {3},
YEAR = {2004},
NUMBER = {1},
PAGES = {33},
DOI = {10.1186/1475-2875-3-33},
PubMedID = {15367331},
ISSN = {1475-2875},
}


@article{Galinsky2015,
author = {Kevin Galinsky and Clarissa Valim and Arielle Salmier and Benoit de Thoisy and Lise Musset and Eric Legrand and Aubrey Faust and Mary Lynn Baniecki and Daouda Ndiaye and Rachel F Daniels and Daniel L Hartl and Pardis C Sabeti and Dyann F Wirth and Sarah K Volkman and Daniel E Neafsey},
year = {2015},
title = {{COIL: a methodology for evaluating malarial complexity of infection using likelihood from single nucleotide polymorphism data}},
journal = {Malar. J.},
volume = {14},
number = {1},
page = {1-9}
}

@article{Jack2016,
    author = {O'Brien, John D. AND Iqbal, Zamin AND Wendler, Jason AND Amenga-Etego, Lucas},
    journal = {PLoS Comput. Biol.},
    publisher = {Public Library of Science},
    title = {Inferring Strain Mixture within Clinical {{\it {P}lasmodium falciparum}} Isolates from Genomic Sequence Data},
    year = {2016},
    month = {06},
    volume = {12},
    pages = {1-20},
    number = {6},
    doi = {10.1371/journal.pcbi.1004824}
}

@article{Li2003,
    address = {Department of Biostatistics, University of Washington, Seattle, Washington 98195, USA.},
    author = {Li, Na and Stephens, Matthew},
    day = {01},
    issn = {1943-2631},
    journal = {Genetics},
    keywords = {linkage, modeling, population\_genetics, recombination},
    month = dec,
    number = {4},
    pages = {2213--2233},
    pmcid = {PMC1462870},
    pmid = {14704198},
    posted-at = {2012-02-11 21:07:25},
    priority = {0},
    publisher = {Genetics Society of America},
    title = {Modeling Linkage Disequilibrium and Identifying Recombination Hotspots Using Single-Nucleotide Polymorphism Data},
    volume = {165},
    year = {2003}
}



@article{Menske2012,
          volume = {487},
          number = {7407},
          author = {M Manske and O Miotto and S Campino and S Auburn and J Almagro-Garcia and G Maslen and J O'Brien and A Djimde and O Doumbo and I Zongo and JB Ouedraogo and P Michon and I Mueller and P Siba and A Nzila and S Borrmann and SM Kiara and K Marsh and H Jiang and XZ Su and C Amaratunga and R Fairhurst and D Socheat and F Nosten and M Imwong and NJ White and M Sanders and E Anastasi and D Alcock and E Drury and S Oyola and MA Quail and DJ Turner and V Ruano-Rubio and D Jyothi and L Amenga-Etego and C Hubbart and A Jeffreys and K Rowlands and C Sutherland and C Roper and V Mangano and D Modiano and JC Tan and MT Ferdig and A Amambua-Ngwa and DJ Conway and S Takala-Harrison and CV Plowe and JC Rayner and KA Rockett and TG Clark and CI Newbold and M Berriman and B MacInnis and DP Kwiatkowski},
           title = {Analysis of {{\em Plasmodium falciparum}} diversity in natural infections by deep sequencing.},
       publisher = {Nature Publishing Group},
         journal = {Nature},
           pages = {375-379},
            year = {2012}
}


@article{Harris2013,
author ={Harris, K. and Nielsen, R.},
year = {2013},
title = {Inferring Demographic History from a Spectrum of Shared Haplotype Lengths},
journal = {PLoS Genet.},
volume = {9},
number = {6}
}

@article{Miles2016,
author = {Alistair Miles and Zamin Iqbal and Paul Vauterin and Richard Pearson and Susana Campino and Michel Theron and Kelda Gould and Daniel Mead and Eleanor Drury and John O'Brien and Valentin Ruano Rubio and Bronwyn MacInnis and Jonathan Mwangi and Upeka Samarakoon and Lisa Ranford-Cartwright and Michael Ferdig and Karen Hayton and Xin-zhuan Su and Thomas Wellems and Julian Rayner and Gil McVean and and Dominic Kwiatkowski},
title = {Indels, structural variation, and recombination drive genomic diversity in {{\it {P}lasmodium falciparum}}},
journal = {Genome Res.},
year = {2016},
volume = {26},
pages = {1288-1299}
}

@phdthesis{Wendler2015,
author = {Jason Wendler},
title = {Accessing complex genomic variation in {\em{{P}lasmodium falciparum}} natural infection},
school = {University of Oxford},
year = {2015},
}

@article{Lawson2012,
  author = {Lawson, Daniel John AND Hellenthal, Garrett AND Myers, Simon AND Falush, Daniel},
    journal = {PLOS Genet.},
    publisher = {Public Library of Science},
    title = {Inference of Population Structure using Dense Haplotype Data},
    year = {2012},
    month = {01},
    volume = {8},
    pages = {1-16},
    number = {1},
    doi = {10.1371/journal.pgen.1002453}
}

@misc{Pf3k2016,
title = {The Pf3k Project: pilot data release 5},
year = {2016},
url = {www.malariagen.net/data/pf3k-5},
note = {[accessed 1 June 2016]}
}

@article{MalariaGen2008,
author = {MalariaGEN},
year = {2008},
title = {A global network for investigating the genomic epidemiology of malaria},
journal = {Nature},
volume = {456},
number = {7223},
pages = {732-737}
}

@article{Mathieson2014,
    author = {Mathieson, Iain AND McVean, Gil},
    journal = {PLoS Genet.},
    publisher = {Public Library of Science},
    title = {Demography and the Age of Rare Variants},
    year = {2014},
    month = {08},
    volume = {10},
    pages = {1-11},
    number = {8},
    doi = {10.1371/journal.pgen.1004528}
}

@article{Pearson2016,
    author = {Pearson, Richard D. and Amato, Roberto and Auburn, Sarah and Miotto, Olivo and Almagro-Garcia, Jacob and Amaratunga, Chanaki and Suon, Seila and Mao, Sivanna and Noviyanti, Rintis and Trimarsanto, Hidayat and Marfurt, Jutta and Anstey, Nicholas M. and William, Timothy and Boni, Maciej F. and Dolecek, Christiane and Tran, Hien T. and White, Nicholas J. and Michon, Pascal and Siba, Peter and Tavul, Livingstone and Harrison, Gabrielle and Barry, Alyssa and Mueller, Ivo and Ferreira, Marcelo U. and Karunaweera, Nadira and Randrianarivelojosia, Milijaona and Gao, Qi and Hubbart, Christina and Hart, Lee and Jeffery, Ben and Drury, Eleanor and Mead, Daniel and Kekre, Mihir and Campino, Susana and Manske, Magnus and Cornelius, Victoria J. and MacInnis, Bronwyn and Rockett, Kirk A. and Miles, Alistair and Rayner, Julian C. and Fairhurst, Rick M. and Nosten, Francois and Price, Ric N. and Kwiatkowski, Dominic P.},
    citeulike-article-id = {14087841},
    citeulike-linkout-0 = {http://dx.doi.org/10.1038/ng.3599},
    citeulike-linkout-1 = {http://dx.doi.org/10.1038/ng.3599},
    day = {27},
    doi = {10.1038/ng.3599},
    journal = {Nat. Genet.},
    keywords = {malaria, staffpaper},
    month = jun,
    posted-at = {2016-07-01 09:12:30},
    priority = {2},
    publisher = {Nature Publishing Group, a division of Macmillan Publishers Limited. All Rights Reserved.},
    title = {Genomic analysis of local variation and recent evolution in {{\em Plasmodium vivax}}},
    volume = {48},
    year = {2016},
    pages = {959-964}
}

@article{Davis2016,
author = {Robert W Davies and Jonathan Flint and Simon Myers and Richard Mott},
year = {2016},
title = {Rapid genotype imputation from sequence without reference panels},
journal = {Nat. Genet.},
volume = {48},
pages = {965-969}
}

@article{Lunter2016,
author = {Lunter, Gerton},
year = {2016},
title = {{Fast haplotype matching in very large cohorts using the Li and Stephens model}},
journal = {bioRxiv},
doi = {doi:10.1101/048280}
}

@article{Sabeti2002,
title = {Detecting recent positive selection in the human genome from haplotype structure},
author = {Pardis C. Sabeti and David E. Reich and John M. Higgins and Haninah Z. P. Levine and Daniel J. Richter and Stephen F. Schaffner and Stacey B. Gabriel and Jill V. Platko and Nick J. Patterson and Gavin J. McDonald and Hans C. Ackerman and Sarah J. Campbell and David Altshuler and Richard Cooper and Dominic Kwiatkowski and Ryk Ward and Eric S. Lander},
year = {2002},
journal = {Nature},
volume = {419},
pages = {832-837}}

@article{Browning2007,
title = "Rapid and Accurate Haplotype Phasing and Missing-Data Inference for Whole-Genome Association Studies By Use of Localized Haplotype Clustering ",
journal = "Am. J. Hum. Genet.",
volume = "81",
number = "5",
pages = "1084 - 1097",
year = "2007",
note = "",
issn = "0002-9297",
doi = "http://dx.doi.org/10.1086/521987",
author = "Sharon R. Browning and Brian L. Browning"
}

@article{Howie2009,
    author = {Howie, Bryan N. AND Donnelly, Peter AND Marchini, Jonathan},
    journal = {PLOS Genet.},
    publisher = {Public Library of Science},
    title = {A Flexible and Accurate Genotype Imputation Method for the Next Generation of Genome-Wide Association Studies},
    year = {2009},
    month = {06},
    volume = {5},
    pages = {1-15},
    number = {6},
    doi = {10.1371/journal.pgen.1000529}
}

@article{Delaneau2012,
author = {Olivier Delaneau and	Jonathan Marchini	and Jean-François Zagury},
year = {2012},
title = {A linear complexity phasing method for thousands of genomes},
journal = {Nat. Methods},
volume = {9},
number = {2},
pages = {179-181}}

@article{Oconnell2014,
    author = {O'Connell, Jared AND Gurdasani, Deepti AND Delaneau, Olivier AND Pirastu, Nicola AND Ulivi, Sheila AND Cocca, Massimiliano AND Traglia, Michela AND Huang, Jie AND Huffman, Jennifer E. AND Rudan, Igor AND McQuillan, Ruth AND Fraser, Ross M. AND Campbell, Harry AND Polasek, Ozren AND Asiki, Gershim AND Ekoru, Kenneth AND Hayward, Caroline AND Wright, Alan F. AND Vitart, Veronique AND Navarro, Pau AND Zagury, Jean-Francois AND Wilson, James F. AND Toniolo, Daniela AND Gasparini, Paolo AND Soranzo, Nicole AND Sandhu, Manjinder S. AND Marchini, Jonathan},
    journal = {PLOS Genet.},
    publisher = {Public Library of Science},
    title = {A General Approach for Haplotype Phasing across the Full Spectrum of Relatedness},
    year = {2014},
    month = {04},
    volume = {10},
    pages = {1-21},
    number = {4},
    doi = {10.1371/journal.pgen.1004234}
}

